
@TechReport{Burke81,
author = {Burke, G. and Poggio, A.},
title = {Numerical electromagnetics code -- method of moments},
institution = {Lawrence Livermore National Laboratory},
year = {1981},
number = {UCID-18834}
}

@Article{Excell95,
author = {Excell, P.S. and Porter, G.J. and Tang, Y.K. and Yip, K.W.},
title = {Re-working of two standard moment-method codes for execution on parallel processors},
journal = {International Journal of Numerical Modelling: Electronic Networks, Devices and Fields.},
year = {1995},
volume = {8},
pages = {}
}

@Article{Nitch94,
author = {Nitch, D.C. and Fourie, A.P.C.},
title = {Parallel implementation of {{NEC}}},
journal = {Applied Computational Electromagnetics Society Journal},
year = {1994},
volume = {9},
number = {1},
pages = {51-57}
}

@Article{Jones97,
author = {Jones, E.A. and  Joines, W.T.},
title = {Design of {Y}agi-{U}da antennas using genetic algorithms},
journal= {IEEE Transactions on Antennas and Propagation},
institution = {Dept. of Electr. & Comput. Eng., Duke Univ., Durham, NC},
year={1997},
volume={45},
issue={9},
pages= {1386-1392}
}

@InProceedings{NitchOOP94,
author = {Nitch, D.C. and Fourie, A.P.C.},
title = {A redesign of {NEC2} using the object-oriented paradigm},
booktitle = {Antennas and Propagation Society International Symposium},
year = {1994},
volume = {2},
pages = {1150-1153}
}


@Article{Rubinstein2003,
author = {Rubinstein, A. and  Rachidi, F. and  Rubinstein, M. and  Reusser, B.},
title = {A parallel implementation of {NEC} for the analysis of large structures},
journal= {IEEE Transactions on Electromagnetic Compatibility},
institution = {Swiss Fed. Inst. of Technol., Lausanne, Switzerland},
year={2003},
volume={45},
issue={2},
pages= {177-188}
}
 
@ARTICLE{Whaley2001,
AUTHOR         = "R. Clint Whaley and Antoine Petitet and Jack J. Dongarra",
TITLE          = "Automated Empirical Optimization of Software and the
                 {ATLAS} Project",
JOURNAL        = "Parallel Computing",
VOLUME         = "27",
NUMBER         = "1--2",
PAGES          = "3--35",
YEAR           = 2001
}

@Book{SCALAPACK,
author = {Blackford, L. S. and J. Choi and A. Cleary and E. D'Azevedo and J. Demmel and I. Dhillon and J. Dongarra and S. Hammarling and G. Henry, A. Petitet and K. Stanley and D. Walker and R. C. Whaley},
title = {{ScaLAPACK} Users' Guide},
publisher = {SIAM},
year = {1997},
address = {Philadelphia}
}

@Unpublished{GPL,
author = {{Free Software Foundation, Inc}},
title = {{GNU} {G}eneral {P}ublic {L}icense},
note = {Version 2},
year = {1991},
annote = {\url{http://www.gnu.org/copyleft/gpl.html}}
}

@Unpublished{NEC_HOMEPAGE,
author = {Molteno, T.C.A.},
title = {{NEC2++} homepage},
year = {2004-5},
note = {\url{http://www.physics.otago.ac.nz/research/electronics/nec}}
}

@Unpublished{NEC2C,
author = {Kyriazis, Neoklis},
title = {{nec2c} A translation of {NEC-2} to {C}},
year = {2004-5},
note = {{\url{http://www.si-list.org/NEC_Archives/nec2c.tar.gz}}}
}
